<?xml version="1.0" encoding="UTF-8"?><record xmlns="http://www.loc.gov/MARC21/slim" xmlns:cinclude="http://apache.org/cocoon/include/1.0" xmlns:zs="http://www.loc.gov/zing/srw/">
  <leader>00898cz  a2200193n  4500</leader>
  <controlfield tag="001">no2008090872</controlfield>
  <controlfield tag="003">DLC</controlfield>
  <controlfield tag="005">20081030081119.0</controlfield>
  <controlfield tag="008">080612n| acannaabn          |b aaa     c</controlfield>
  <datafield tag="010" ind1=" " ind2=" ">
    <subfield code="a">no2008090872</subfield>
  </datafield>
  <datafield tag="035" ind1=" " ind2=" ">
    <subfield code="a">(OCoLC)oca07799942</subfield>
  </datafield>
  <datafield tag="040" ind1=" " ind2=" ">
    <subfield code="a">NjP</subfield>
    <subfield code="b">eng</subfield>
    <subfield code="c">NjP</subfield>
    <subfield code="d">DLC</subfield>
    <subfield code="d">OCoLC</subfield>
  </datafield>
  <datafield tag="100" ind1="1" ind2=" ">
    <subfield code="a">Ibn ʻUthmān, Usāmah ibn ʻAṭāyā</subfield>
  </datafield>
  <datafield tag="400" ind1="1" ind2=" ">
    <subfield code="a">Ibn ʻUthmān, Abū ʻUmar Usāmah ibn ʻAṭāyā</subfield>
  </datafield>
  <datafield tag="400" ind1="1" ind2=" ">
    <subfield code="a">ابن عثمان، أسامة بن عطايا</subfield>
  </datafield>
  <datafield tag="667" ind1=" " ind2=" ">
    <subfield code="a">Machine-derived non-Latin script reference project.</subfield>
  </datafield>
  <datafield tag="667" ind1=" " ind2=" ">
    <subfield code="a">Non-Latin script reference not evaluated.</subfield>
  </datafield>
  <datafield tag="670" ind1=" " ind2=" ">
    <subfield code="a">al-Aḥādīth al-mawḍūʻah allatī tunāfī tawḥīd al-ʻibādah, 2007:</subfield>
    <subfield code="b">t.p. (Usāmah ibn ʻAṭāyā ibn ʻUthmān)</subfield>
  </datafield>
  <datafield tag="670" ind1=" " ind2=" ">
    <subfield code="a">al-Ḥujaj al-qawīyah ʻalá wujūb al-difāʻ ʻan al-dawlah al-Saʻūdīyah, 2005:</subfield>
    <subfield code="b">t.p. (Abī ʻUmar Usāmah ibn ʻAṭāyā ibn ʻUthmān)</subfield>
  </datafield>
</record>